<?xml version="1.0" encoding="utf-8"?>
<record xmlns="http://www.loc.gov/MARC21/slim" xmlns:xsi="http://www.w3.org/2001/XMLSchema-instance" xsi:schemaLocation="http://www.loc.gov/MARC21/slim http://www.loc.gov/standards/marcxml/schema/MARC21slim.xsd">
	<leader>
		01599nam a2200301   4500
	</leader>
	<controlfield tag="001">
		002796453
	</controlfield>
	<controlfield tag="003">
		NNU
	</controlfield>
	<controlfield tag="006">
		m        d        
	</controlfield>
	<controlfield tag="007">
		cr cn |||m|||a
	</controlfield>
	<controlfield tag="008">
		160201q19801986ir      o     000 0 ara d
	</controlfield>
	<datafield ind1=" " ind2=" " tag="040">
		<subfield code="a">
			NNU
		</subfield>
		<subfield code="b">
			eng
		</subfield>
		<subfield code="c">
			NNU
		</subfield>
	</datafield>
	<datafield ind1="1" ind2=" " tag="100">
		<subfield code="a">
			Rāzī, Fakhr al-Dīn Muḥammad ibn ʻUmar,
		</subfield>
		<subfield code="d">
			1149 or 50-1210.
		</subfield>
	</datafield>
	<datafield ind1="1" ind2="3" tag="245">
		<subfield code="a">
			al-Tafsīr al-kabīr
		</subfield>
		<subfield code="h">
			[electronic resource] /
		</subfield>
		<subfield code="c">
			li-al-Fakhr al-Rāzī.
		</subfield>
	</datafield>
	<datafield ind1=" " ind2=" " tag="250">
		<subfield code="a">
			al-Ṭabʻah 3.
		</subfield>
	</datafield>
	<datafield ind1=" " ind2=" " tag="260">
		<subfield code="a">
			[Tehran? :
		</subfield>
		<subfield code="b">
			s.n.,
		</subfield>
		<subfield code="c">
			198-]
		</subfield>
	</datafield>
	<datafield ind1=" " ind2=" " tag="300">
		<subfield code="a">
			online resource (32 v. in 16)
		</subfield>
	</datafield>
	<datafield ind1=" " ind2=" " tag="500">
		<subfield code="a">
			Known also by title: Mafātīḥ al-ghayb.
		</subfield>
	</datafield>
	<datafield ind1=" " ind2=" " tag="500">
		<subfield code="a">
			Editions vary.
		</subfield>
	</datafield>
	<datafield ind1=" " ind2=" " tag="500">
		<subfield code="a">
			Part of the Arabic Collections Online (ACO) project, contributed by New York Univeristy Libraries.
		</subfield>
	</datafield>
	<datafield ind1=" " ind2=" " tag="533">
		<subfield code="a">
			Electronic reproduction.
		</subfield>
		<subfield code="b">
			New York, N.Y. :
		</subfield>
		<subfield code="c">
			New York University,
		</subfield>
		<subfield code="d">
			2016.
		</subfield>
		<subfield code="5">
			NNU
		</subfield>
	</datafield>
	<datafield ind1="0" ind2="0" tag="630">
		<subfield code="a">
			Koran
		</subfield>
		<subfield code="v">
			Commentaries
		</subfield>
		<subfield code="v">
			Early works to 1800.
		</subfield>
	</datafield>
	<datafield ind1="2" ind2=" " tag="710">
		<subfield code="a">
			New York University.
		</subfield>
		<subfield code="b">
			Libraries.
		</subfield>
	</datafield>
	<datafield ind1="0" ind2=" " tag="730">
		<subfield code="a">
			Arabic Collections Online.
		</subfield>
	</datafield>
	<datafield ind1="0" ind2=" " tag="740">
		<subfield code="a">
			Mafātīḥ al-ghayb.
		</subfield>
	</datafield>
	<datafield ind1="0" ind2="8" tag="776">
		<subfield code="i">
			Print version:
		</subfield>
		<subfield code="a">
			Rāzī, Fakhr al-Dīn Muḥammad ibn ʻUmar, 1149 or 50-1210.
		</subfield>
		<subfield code="t">
			al-Tafsīr al-kabīr
		</subfield>
		<subfield code="w">
			(NNU)002796453
		</subfield>
	</datafield>
	<datafield ind1="4" ind2="0" tag="856">
		<subfield code="u">
			http://hdl.handle.net/2333.1/8kprr800
		</subfield>
	</datafield>
	<datafield ind1=" " ind2=" " tag="959">
		<subfield code="a">
			NNU
		</subfield>
		<subfield code="b">
			WEB
		</subfield>
		<subfield code="c">
			GENI
		</subfield>
		<subfield code="t">
			0
		</subfield>
		<subfield code="m">
			Electronic access
		</subfield>
		<subfield code="s">
			01
		</subfield>
	</datafield>
	<datafield ind1=" " ind2=" " tag="999">
		<subfield code="i">
			NNU_002796453
		</subfield>
		<subfield code="s">
			nyu_aco001629:v.1-2
		</subfield>
		<subfield code="s">
			nyu_aco001630:v.3-4
		</subfield>
		<subfield code="s">
			nyu_aco001631:v.5-6
		</subfield>
		<subfield code="s">
			nyu_aco001632:v.7-8
		</subfield>
		<subfield code="s">
			nyu_aco001633:v.11-12
		</subfield>
		<subfield code="s">
			nyu_aco001634:v.13-14
		</subfield>
		<subfield code="s">
			nyu_aco001635:v.15-16
		</subfield>
		<subfield code="s">
			nyu_aco001636:v.17-18
		</subfield>
		<subfield code="s">
			nyu_aco001637:v.19-20
		</subfield>
		<subfield code="s">
			nyu_aco001638:v.21-22
		</subfield>
		<subfield code="s">
			nyu_aco001639:v.23-24
		</subfield>
		<subfield code="s">
			nyu_aco001640:v.25-26
		</subfield>
		<subfield code="s">
			nyu_aco001641:v.27-28
		</subfield>
		<subfield code="s">
			nyu_aco001642:v.29-30
		</subfield>
		<subfield code="s">
			nyu_aco001643:v.31-32
		</subfield>
		<subfield code="e">
			(ERROR-880)
		</subfield>
	</datafield>
</record>
